@inproceedings{DBLP:conf/cav/NiemetzPRBT18,
  author    = {Aina Niemetz and
               Mathias Preiner and
               Andrew Reynolds and
               Clark Barrett and
               Cesare Tinelli},
  editor    = {Hana Chockler and
               Georg Weissenbacher},
  title     = {Solving Quantified Bit-Vectors Using Invertibility Conditions},
  booktitle = {Computer Aided Verification - 30th International Conference, {CAV}
               2018, Held as Part of the Federated Logic Conference, FloC 2018, Oxford,
               UK, July 14-17, 2018, Proceedings, Part {II}},
  series    = {Lecture Notes in Computer Science},
  volume    = {10982},
  pages     = {236--255},
  publisher = {Springer},
  year      = {2018},
  url       = {https://doi.org/10.1007/978-3-319-96142-2\_16},
  doi       = {10.1007/978-3-319-96142-2\_16},
  timestamp = {Mon, 23 Jul 2018 17:23:29 +0200},
  biburl    = {https://dblp.org/rec/bib/conf/cav/NiemetzPRBT18},
  bibsource = {dblp computer science bibliography, https://dblp.org}
}

@UNPUBLISHED{cade2019amaycc,
  author =  {Aina Niemetz and
	     Mathias Preiner and
	     Andrew Reynolds
	     Yoni Zohar and
	     Clark Barrett and
	     Cesare Tinelli},
  title =   {Towards Bit-Width-Independent Proofs in SMT Solvers}, 
  note   = {To appear in the proceedings of CADE 2019},
}
